[gd_resource type="TileSet" load_steps=69 format=2]

[ext_resource path="res://Assets/kenney_platformerpack/Spritesheets/spritesheet_gr_stone.png" type="Texture" id=1]
[ext_resource path="res://Assets/png/Tile/1.png" type="Texture" id=2]
[ext_resource path="res://Assets/png/Tile/9.png" type="Texture" id=3]
[ext_resource path="res://Assets/png/Tile/10.png" type="Texture" id=4]
[ext_resource path="res://Assets/png/Tile/11.png" type="Texture" id=5]
[ext_resource path="res://Assets/png/Tile/12.png" type="Texture" id=6]
[ext_resource path="res://Assets/png/Tile/13.png" type="Texture" id=7]
[ext_resource path="res://Assets/png/Tile/14.png" type="Texture" id=8]
[ext_resource path="res://Assets/png/Tile/15.png" type="Texture" id=9]
[ext_resource path="res://Assets/png/Tile/16.png" type="Texture" id=10]
[ext_resource path="res://Assets/png/Tile/2.png" type="Texture" id=11]
[ext_resource path="res://Assets/png/Tile/3.png" type="Texture" id=12]
[ext_resource path="res://Assets/kenney_platformerpack/Spritesheets/spritesheet_tiles.png" type="Texture" id=13]
[ext_resource path="res://Assets/png/Tile/4.png" type="Texture" id=14]
[ext_resource path="res://Assets/png/Tile/5.png" type="Texture" id=15]
[ext_resource path="res://Assets/png/Tile/6.png" type="Texture" id=16]
[ext_resource path="res://Assets/png/Tile/7.png" type="Texture" id=17]
[ext_resource path="res://Assets/png/Tile/8.png" type="Texture" id=18]

[sub_resource type="ConvexPolygonShape2D" id=1]
points = PoolVector2Array( 0, 0, 128, 0, 128, 128, 0, 128 )

[sub_resource type="ConvexPolygonShape2D" id=2]
points = PoolVector2Array( 0, 0, 128, 0, 128, 128, 0, 128 )

[sub_resource type="ConvexPolygonShape2D" id=3]
points = PoolVector2Array( 0, 0, 128, 0, 128, 128, 0, 128 )

[sub_resource type="ConvexPolygonShape2D" id=4]
points = PoolVector2Array( 0, 0, 128, 0, 128, 128, 0, 128 )

[sub_resource type="ConvexPolygonShape2D" id=5]
points = PoolVector2Array( 0, 0, 128, 0, 128, 128, 0, 128 )

[sub_resource type="ConvexPolygonShape2D" id=6]
points = PoolVector2Array( 0, 0, 128, 0, 128, 128, 0, 128 )

[sub_resource type="ConvexPolygonShape2D" id=7]
points = PoolVector2Array( 0, 0, 128, 0, 128, 128, 0, 128 )

[sub_resource type="ConvexPolygonShape2D" id=8]
points = PoolVector2Array( 0, 0, 128, 0, 128, 128, 0, 128 )

[sub_resource type="ConvexPolygonShape2D" id=9]
points = PoolVector2Array( 128, 0, 128, 128, 40.4, 108.8, 0, 64, 0, 0 )

[sub_resource type="ConvexPolygonShape2D" id=10]
points = PoolVector2Array( 0, 0, 128, 0, 128, 64, 84.0001, 110, 0, 128 )

[sub_resource type="ConvexPolygonShape2D" id=11]
points = PoolVector2Array( 128, 0, 128, 128, 0.399963, 45.2, 0, 0 )

[sub_resource type="ConvexPolygonShape2D" id=12]
points = PoolVector2Array( 0, 128, 0, 0, 128, 0, 126.8, 46.4 )

[sub_resource type="ConvexPolygonShape2D" id=13]
points = PoolVector2Array( 0, 0, 128, 0, 125.6, 73.2001, 0, 73.2001 )

[sub_resource type="ConvexPolygonShape2D" id=14]
points = PoolVector2Array( 0, 2.40002, 127.2, 2.40002, 126, 72, 1.20001, 68.4 )

[sub_resource type="ConvexPolygonShape2D" id=15]
points = PoolVector2Array( 0.400024, 0, 126.4, 1.20001, 125.2, 70.8, 1.59998, 70.8 )

[sub_resource type="ConvexPolygonShape2D" id=16]
points = PoolVector2Array( 0, 67.2001, 0, 1.20001, 123.2, 4.79999, 124.4, 72, 0.799988, 70.8 )

[sub_resource type="ConvexPolygonShape2D" id=17]
points = PoolVector2Array( 0, 0, 128, 128, 0, 128 )

[sub_resource type="ConvexPolygonShape2D" id=18]
points = PoolVector2Array( 0, 128, 128, 0, 128, 128 )

[sub_resource type="ConvexPolygonShape2D" id=19]
points = PoolVector2Array( 0, 0, 128, 0, 128, 128, 0, 128 )

[sub_resource type="ConvexPolygonShape2D" id=20]
points = PoolVector2Array( 0, 0, 128, 0, 128, 128, 0, 128 )

[sub_resource type="ConvexPolygonShape2D" id=21]
points = PoolVector2Array( 0, 0, 128, 0, 128, 128, 0, 128 )

[sub_resource type="ConvexPolygonShape2D" id=22]
points = PoolVector2Array( 0, 0, 128, 0, 128, 128, 0, 128 )

[sub_resource type="ConvexPolygonShape2D" id=23]
points = PoolVector2Array( 0, 0, 128, 0, 128, 128, 0, 128 )

[sub_resource type="ConvexPolygonShape2D" id=24]
points = PoolVector2Array( 0, 0, 0, 0, 0, 0 )

[sub_resource type="ConvexPolygonShape2D" id=25]
points = PoolVector2Array( 0, 0, 128, 0, 128, 128, 0, 32 )

[sub_resource type="ConvexPolygonShape2D" id=26]
points = PoolVector2Array( 0, 0, 128, 0, 128, 128, 0, 128 )

[sub_resource type="ConvexPolygonShape2D" id=27]
points = PoolVector2Array( 0, 0, 128, 0, 128, 32, 64, 64, 0, 96 )

[sub_resource type="ConvexPolygonShape2D" id=28]
points = PoolVector2Array( 0, 0, 128, 0, 128, 128, 0, 128 )

[sub_resource type="ConvexPolygonShape2D" id=29]
points = PoolVector2Array( 0, 0, 128, 0, 128, 128, 0, 128 )

[sub_resource type="ConvexPolygonShape2D" id=30]
points = PoolVector2Array( 0, 0, 128, 0, 128, 128, 0, 128 )

[sub_resource type="ConvexPolygonShape2D" id=31]
points = PoolVector2Array( 0, 0, 128, 0, 128, 128, 0, 128 )

[sub_resource type="ConvexPolygonShape2D" id=32]
points = PoolVector2Array( 0, 0, 128, 0, 128, 128, 0, 128 )

[sub_resource type="ConvexPolygonShape2D" id=33]
points = PoolVector2Array( 0, 0, 128, 0, 128, 128, 0, 128 )

[sub_resource type="ConvexPolygonShape2D" id=34]
points = PoolVector2Array( 0, 0, 128, 0, 128, 128, 0, 128 )

[sub_resource type="ConvexPolygonShape2D" id=35]
points = PoolVector2Array( 0, 0, 128, 0, 128, 128, 0, 128 )

[sub_resource type="ConvexPolygonShape2D" id=36]
points = PoolVector2Array( 0, 0, 128, 0, 128, 128, 0, 128 )

[sub_resource type="ConvexPolygonShape2D" id=37]
points = PoolVector2Array( 0, 0, 128, 0, 128, 128, 0, 128 )

[sub_resource type="ConvexPolygonShape2D" id=38]
points = PoolVector2Array( 0, 0, 128, 0, 128, 128, 0, 128 )

[sub_resource type="ConvexPolygonShape2D" id=39]
points = PoolVector2Array( 0, 0, 128, 0, 128, 128, 0, 128 )

[sub_resource type="ConvexPolygonShape2D" id=40]
points = PoolVector2Array( 0, 0, 128, 0, 128, 128, 0, 128 )

[sub_resource type="ConvexPolygonShape2D" id=41]
points = PoolVector2Array( 0, 0, 128, 0, 128, 128, 0, 128 )

[sub_resource type="ConvexPolygonShape2D" id=42]
points = PoolVector2Array( 0, 0, 128, 0, 128, 128, 0, 128 )

[sub_resource type="ConvexPolygonShape2D" id=43]
points = PoolVector2Array( 0, 0, 128, 0, 128, 128, 0, 128 )

[sub_resource type="ConvexPolygonShape2D" id=44]
points = PoolVector2Array( 0, 0, 128, 0, 128, 128, 0, 128 )

[sub_resource type="ConvexPolygonShape2D" id=45]
points = PoolVector2Array( 0, 0, 128, 0, 128, 128, 0, 128 )

[sub_resource type="ConvexPolygonShape2D" id=46]
points = PoolVector2Array( 0, 0, 128, 0, 128, 128, 0, 128 )

[sub_resource type="ConvexPolygonShape2D" id=47]
points = PoolVector2Array( 0, 0, 128, 0, 128, 128, 0, 128 )

[sub_resource type="ConvexPolygonShape2D" id=48]
points = PoolVector2Array( 0, 0, 128, 0, 128, 128, 0, 128 )

[sub_resource type="ConvexPolygonShape2D" id=49]
points = PoolVector2Array( 0, 0, 128, 0, 128, 128, 0, 128 )

[sub_resource type="ConvexPolygonShape2D" id=50]
points = PoolVector2Array( 0, 0, 128, 0, 128, 128, 0, 128 )

[resource]
0/name = "StoneWorld"
0/texture = ExtResource( 1 )
0/tex_offset = Vector2( 0, 0 )
0/modulate = Color( 1, 1, 1, 1 )
0/region = Rect2( 0, 0, 1152, 256 )
0/tile_mode = 2
0/autotile/icon_coordinate = Vector2( 0, 0 )
0/autotile/tile_size = Vector2( 128, 128 )
0/autotile/spacing = 0
0/autotile/occluder_map = [  ]
0/autotile/navpoly_map = [  ]
0/autotile/z_index_map = [  ]
0/occluder_offset = Vector2( 0, 0 )
0/navigation_offset = Vector2( 0, 0 )
0/shapes = [ {
"autotile_coord": Vector2( 0, 0 ),
"one_way": false,
"one_way_margin": 1.0,
"shape": SubResource( 1 ),
"shape_transform": Transform2D( 1, 0, 0, 1, 0, 0 )
}, {
"autotile_coord": Vector2( 1, 0 ),
"one_way": false,
"one_way_margin": 1.0,
"shape": SubResource( 2 ),
"shape_transform": Transform2D( 1, 0, 0, 1, 0, 0 )
}, {
"autotile_coord": Vector2( 2, 0 ),
"one_way": false,
"one_way_margin": 1.0,
"shape": SubResource( 3 ),
"shape_transform": Transform2D( 1, 0, 0, 1, 0, 0 )
}, {
"autotile_coord": Vector2( 7, 0 ),
"one_way": false,
"one_way_margin": 1.0,
"shape": SubResource( 4 ),
"shape_transform": Transform2D( 1, 0, 0, 1, 0, 0 )
}, {
"autotile_coord": Vector2( 8, 0 ),
"one_way": false,
"one_way_margin": 1.0,
"shape": SubResource( 5 ),
"shape_transform": Transform2D( 1, 0, 0, 1, 0, 0 )
}, {
"autotile_coord": Vector2( 6, 1 ),
"one_way": false,
"one_way_margin": 1.0,
"shape": SubResource( 6 ),
"shape_transform": Transform2D( 1, 0, 0, 1, 0, 0 )
}, {
"autotile_coord": Vector2( 7, 1 ),
"one_way": false,
"one_way_margin": 1.0,
"shape": SubResource( 7 ),
"shape_transform": Transform2D( 1, 0, 0, 1, 0, 0 )
}, {
"autotile_coord": Vector2( 8, 1 ),
"one_way": false,
"one_way_margin": 1.0,
"shape": SubResource( 8 ),
"shape_transform": Transform2D( 1, 0, 0, 1, 0, 0 )
}, {
"autotile_coord": Vector2( 3, 0 ),
"one_way": false,
"one_way_margin": 1.0,
"shape": SubResource( 9 ),
"shape_transform": Transform2D( 1, 0, 0, 1, 0, 0 )
}, {
"autotile_coord": Vector2( 4, 0 ),
"one_way": false,
"one_way_margin": 1.0,
"shape": SubResource( 10 ),
"shape_transform": Transform2D( 1, 0, 0, 1, 0, 0 )
}, {
"autotile_coord": Vector2( 5, 0 ),
"one_way": false,
"one_way_margin": 1.0,
"shape": SubResource( 11 ),
"shape_transform": Transform2D( 1, 0, 0, 1, 0, 0 )
}, {
"autotile_coord": Vector2( 6, 0 ),
"one_way": false,
"one_way_margin": 1.0,
"shape": SubResource( 12 ),
"shape_transform": Transform2D( 1, 0, 0, 1, 0, 0 )
}, {
"autotile_coord": Vector2( 0, 1 ),
"one_way": false,
"one_way_margin": 1.0,
"shape": SubResource( 13 ),
"shape_transform": Transform2D( 1, 0, 0, 1, 0, 0 )
}, {
"autotile_coord": Vector2( 1, 1 ),
"one_way": false,
"one_way_margin": 1.0,
"shape": SubResource( 14 ),
"shape_transform": Transform2D( 1, 0, 0, 1, 0, 0 )
}, {
"autotile_coord": Vector2( 2, 1 ),
"one_way": false,
"one_way_margin": 1.0,
"shape": SubResource( 15 ),
"shape_transform": Transform2D( 1, 0, 0, 1, 0, 0 )
}, {
"autotile_coord": Vector2( 3, 1 ),
"one_way": false,
"one_way_margin": 1.0,
"shape": SubResource( 16 ),
"shape_transform": Transform2D( 1, 0, 0, 1, 0, 0 )
}, {
"autotile_coord": Vector2( 4, 1 ),
"one_way": false,
"one_way_margin": 1.0,
"shape": SubResource( 17 ),
"shape_transform": Transform2D( 1, 0, 0, 1, 0, 0 )
}, {
"autotile_coord": Vector2( 5, 1 ),
"one_way": false,
"one_way_margin": 1.0,
"shape": SubResource( 18 ),
"shape_transform": Transform2D( 1, 0, 0, 1, 0, 0 )
} ]
0/z_index = 0
1/name = "1.png 1"
1/texture = ExtResource( 2 )
1/tex_offset = Vector2( 0, 0 )
1/modulate = Color( 1, 1, 1, 1 )
1/region = Rect2( 96, 32, 32, 32 )
1/tile_mode = 0
1/occluder_offset = Vector2( 0, 0 )
1/navigation_offset = Vector2( 0, 0 )
1/shapes = [  ]
1/z_index = 0
2/name = "1.png 2"
2/texture = ExtResource( 2 )
2/tex_offset = Vector2( 0, 0 )
2/modulate = Color( 1, 1, 1, 1 )
2/region = Rect2( 0, 0, 128, 128 )
2/tile_mode = 0
2/occluder_offset = Vector2( 0, 0 )
2/navigation_offset = Vector2( 0, 0 )
2/shapes = [ {
"autotile_coord": Vector2( 0, 0 ),
"one_way": false,
"one_way_margin": 1.0,
"shape": SubResource( 29 ),
"shape_transform": Transform2D( 1, 0, 0, 1, 0, 0 )
} ]
2/z_index = 0
3/name = "2.png 3"
3/texture = ExtResource( 11 )
3/tex_offset = Vector2( 0, 0 )
3/modulate = Color( 1, 1, 1, 1 )
3/region = Rect2( 0, 0, 128, 128 )
3/tile_mode = 0
3/occluder_offset = Vector2( 0, 0 )
3/navigation_offset = Vector2( 0, 0 )
3/shapes = [ {
"autotile_coord": Vector2( 0, 0 ),
"one_way": false,
"one_way_margin": 1.0,
"shape": SubResource( 44 ),
"shape_transform": Transform2D( 1, 0, 0, 1, 0, 0 )
} ]
3/z_index = 0
4/name = "3.png 4"
4/texture = ExtResource( 12 )
4/tex_offset = Vector2( 0, 0 )
4/modulate = Color( 1, 1, 1, 1 )
4/region = Rect2( 0, 0, 128, 128 )
4/tile_mode = 0
4/occluder_offset = Vector2( 0, 0 )
4/navigation_offset = Vector2( 0, 0 )
4/shapes = [ {
"autotile_coord": Vector2( 0, 0 ),
"one_way": false,
"one_way_margin": 1.0,
"shape": SubResource( 45 ),
"shape_transform": Transform2D( 1, 0, 0, 1, 0, 0 )
} ]
4/z_index = 0
5/name = "4.png 5"
5/texture = ExtResource( 14 )
5/tex_offset = Vector2( 0, 0 )
5/modulate = Color( 1, 1, 1, 1 )
5/region = Rect2( 0, 0, 128, 128 )
5/tile_mode = 0
5/occluder_offset = Vector2( 0, 0 )
5/navigation_offset = Vector2( 0, 0 )
5/shapes = [ {
"autotile_coord": Vector2( 0, 0 ),
"one_way": false,
"one_way_margin": 1.0,
"shape": SubResource( 46 ),
"shape_transform": Transform2D( 1, 0, 0, 1, 0, 0 )
} ]
5/z_index = 0
6/name = "5.png 6"
6/texture = ExtResource( 15 )
6/tex_offset = Vector2( 0, 0 )
6/modulate = Color( 1, 1, 1, 1 )
6/region = Rect2( 0, 0, 128, 128 )
6/tile_mode = 0
6/occluder_offset = Vector2( 0, 0 )
6/navigation_offset = Vector2( 0, 0 )
6/shapes = [ {
"autotile_coord": Vector2( 0, 0 ),
"one_way": false,
"one_way_margin": 1.0,
"shape": SubResource( 47 ),
"shape_transform": Transform2D( 1, 0, 0, 1, 0, 0 )
} ]
6/z_index = 0
7/name = "6.png 7"
7/texture = ExtResource( 16 )
7/tex_offset = Vector2( 0, 0 )
7/modulate = Color( 1, 1, 1, 1 )
7/region = Rect2( 0, 0, 128, 128 )
7/tile_mode = 0
7/occluder_offset = Vector2( 0, 0 )
7/navigation_offset = Vector2( 0, 0 )
7/shapes = [ {
"autotile_coord": Vector2( 0, 0 ),
"one_way": false,
"one_way_margin": 1.0,
"shape": SubResource( 48 ),
"shape_transform": Transform2D( 1, 0, 0, 1, 0, 0 )
} ]
7/z_index = 0
8/name = "7.png 8"
8/texture = ExtResource( 17 )
8/tex_offset = Vector2( 0, 0 )
8/modulate = Color( 1, 1, 1, 1 )
8/region = Rect2( 0, 0, 128, 128 )
8/tile_mode = 0
8/occluder_offset = Vector2( 0, 0 )
8/navigation_offset = Vector2( 0, 0 )
8/shapes = [ {
"autotile_coord": Vector2( 0, 0 ),
"one_way": false,
"one_way_margin": 1.0,
"shape": SubResource( 49 ),
"shape_transform": Transform2D( 1, 0, 0, 1, 0, 0 )
} ]
8/z_index = 0
9/name = "8.png 9"
9/texture = ExtResource( 18 )
9/tex_offset = Vector2( 0, 0 )
9/modulate = Color( 1, 1, 1, 1 )
9/region = Rect2( 0, 0, 128, 128 )
9/tile_mode = 0
9/occluder_offset = Vector2( 0, 0 )
9/navigation_offset = Vector2( 0, 0 )
9/shapes = [ {
"autotile_coord": Vector2( 0, 0 ),
"one_way": false,
"one_way_margin": 1.0,
"shape": SubResource( 50 ),
"shape_transform": Transform2D( 1, 0, 0, 1, 0, 0 )
} ]
9/z_index = 0
10/name = "9.png 10"
10/texture = ExtResource( 3 )
10/tex_offset = Vector2( 0, 0 )
10/modulate = Color( 1, 1, 1, 1 )
10/region = Rect2( 0, 0, 128, 128 )
10/tile_mode = 0
10/occluder_offset = Vector2( 0, 0 )
10/navigation_offset = Vector2( 0, 0 )
10/shapes = [ {
"autotile_coord": Vector2( 0, 0 ),
"one_way": false,
"one_way_margin": 1.0,
"shape": SubResource( 19 ),
"shape_transform": Transform2D( 1, 0, 0, 1, 0, 0 )
} ]
10/z_index = 0
11/name = "10.png 11"
11/texture = ExtResource( 4 )
11/tex_offset = Vector2( 0, 0 )
11/modulate = Color( 1, 1, 1, 1 )
11/region = Rect2( 0, 0, 128, 128 )
11/tile_mode = 0
11/occluder_offset = Vector2( 0, 0 )
11/navigation_offset = Vector2( 0, 0 )
11/shapes = [ {
"autotile_coord": Vector2( 0, 0 ),
"one_way": false,
"one_way_margin": 1.0,
"shape": SubResource( 20 ),
"shape_transform": Transform2D( 1, 0, 0, 1, 0, 0 )
} ]
11/z_index = 0
12/name = "11.png 12"
12/texture = ExtResource( 5 )
12/tex_offset = Vector2( 0, 0 )
12/modulate = Color( 1, 1, 1, 1 )
12/region = Rect2( 0, 0, 128, 128 )
12/tile_mode = 0
12/occluder_offset = Vector2( 0, 0 )
12/navigation_offset = Vector2( 0, 0 )
12/shapes = [ {
"autotile_coord": Vector2( 0, 0 ),
"one_way": false,
"one_way_margin": 1.0,
"shape": SubResource( 21 ),
"shape_transform": Transform2D( 1, 0, 0, 1, 0, 0 )
} ]
12/z_index = 0
13/name = "12.png 13"
13/texture = ExtResource( 6 )
13/tex_offset = Vector2( 0, 0 )
13/modulate = Color( 1, 1, 1, 1 )
13/region = Rect2( 0, 0, 128, 128 )
13/tile_mode = 0
13/occluder_offset = Vector2( 0, 0 )
13/navigation_offset = Vector2( 0, 0 )
13/shapes = [ {
"autotile_coord": Vector2( 0, 0 ),
"one_way": false,
"one_way_margin": 1.0,
"shape": SubResource( 22 ),
"shape_transform": Transform2D( 1, 0, 0, 1, 0, 0 )
} ]
13/z_index = 0
14/name = "13.png 14"
14/texture = ExtResource( 7 )
14/tex_offset = Vector2( 0, 0 )
14/modulate = Color( 1, 1, 1, 1 )
14/region = Rect2( 0, 0, 128, 128 )
14/tile_mode = 0
14/occluder_offset = Vector2( 0, 0 )
14/navigation_offset = Vector2( 0, 0 )
14/shapes = [ {
"autotile_coord": Vector2( 0, 0 ),
"one_way": false,
"one_way_margin": 1.0,
"shape": SubResource( 23 ),
"shape_transform": Transform2D( 1, 0, 0, 1, 0, 0 )
} ]
14/z_index = 0
15/name = "14.png 15"
15/texture = ExtResource( 8 )
15/tex_offset = Vector2( 0, 0 )
15/modulate = Color( 1, 1, 1, 1 )
15/region = Rect2( 0, 0, 128, 96 )
15/tile_mode = 0
15/occluder_offset = Vector2( 0, 0 )
15/navigation_offset = Vector2( 0, 0 )
15/shapes = [ {
"autotile_coord": Vector2( 0, 0 ),
"one_way": false,
"one_way_margin": 1.0,
"shape": SubResource( 24 ),
"shape_transform": Transform2D( 1, 0, 0, 1, 0, 0 )
}, {
"autotile_coord": Vector2( 0, 0 ),
"one_way": false,
"one_way_margin": 1.0,
"shape": SubResource( 25 ),
"shape_transform": Transform2D( 1, 0, 0, 1, 0, 0 )
} ]
15/z_index = 0
16/name = "15.png 16"
16/texture = ExtResource( 9 )
16/tex_offset = Vector2( 0, 0 )
16/modulate = Color( 1, 1, 1, 1 )
16/region = Rect2( 0, 0, 128, 128 )
16/tile_mode = 0
16/occluder_offset = Vector2( 0, 0 )
16/navigation_offset = Vector2( 0, 0 )
16/shapes = [ {
"autotile_coord": Vector2( 0, 0 ),
"one_way": false,
"one_way_margin": 1.0,
"shape": SubResource( 26 ),
"shape_transform": Transform2D( 1, 0, 0, 1, 0, 0 )
} ]
16/z_index = 0
17/name = "16.png 17"
17/texture = ExtResource( 10 )
17/tex_offset = Vector2( 0, 0 )
17/modulate = Color( 1, 1, 1, 1 )
17/region = Rect2( 0, 0, 128, 128 )
17/tile_mode = 0
17/occluder_offset = Vector2( 0, 0 )
17/navigation_offset = Vector2( 0, 0 )
17/shapes = [ {
"autotile_coord": Vector2( 0, 0 ),
"one_way": false,
"one_way_margin": 1.0,
"shape": SubResource( 27 ),
"shape_transform": Transform2D( 1, 0, 0, 1, 0, 0 )
} ]
17/z_index = 0
18/name = "14.png 18"
18/texture = ExtResource( 8 )
18/tex_offset = Vector2( 0, 0 )
18/modulate = Color( 1, 1, 1, 1 )
18/region = Rect2( 0, 64, 32, 32 )
18/tile_mode = 0
18/occluder_offset = Vector2( 0, 0 )
18/navigation_offset = Vector2( 0, 0 )
18/shapes = [  ]
18/z_index = 0
19/name = "1.png 19"
19/texture = ExtResource( 2 )
19/tex_offset = Vector2( 0, 0 )
19/modulate = Color( 1, 1, 1, 1 )
19/region = Rect2( 0, 0, 128, 128 )
19/tile_mode = 0
19/occluder_offset = Vector2( 0, 0 )
19/navigation_offset = Vector2( 0, 0 )
19/shapes = [ {
"autotile_coord": Vector2( 0, 0 ),
"one_way": false,
"one_way_margin": 1.0,
"shape": SubResource( 28 ),
"shape_transform": Transform2D( 1, 0, 0, 1, 0, 0 )
} ]
19/z_index = 0
20/name = "2.png 20"
20/texture = ExtResource( 11 )
20/tex_offset = Vector2( 0, 0 )
20/modulate = Color( 1, 1, 1, 1 )
20/region = Rect2( 32, 32, 32, 32 )
20/tile_mode = 0
20/occluder_offset = Vector2( 0, 0 )
20/navigation_offset = Vector2( 0, 0 )
20/shapes = [  ]
20/z_index = 0
21/name = "3.png 21"
21/texture = ExtResource( 12 )
21/tex_offset = Vector2( 0, 0 )
21/modulate = Color( 1, 1, 1, 1 )
21/region = Rect2( 0, 0, 128, 128 )
21/tile_mode = 0
21/occluder_offset = Vector2( 0, 0 )
21/navigation_offset = Vector2( 0, 0 )
21/shapes = [ {
"autotile_coord": Vector2( 0, 0 ),
"one_way": false,
"one_way_margin": 1.0,
"shape": SubResource( 30 ),
"shape_transform": Transform2D( 1, 0, 0, 1, 0, 0 )
} ]
21/z_index = 0
22/name = "spritesheet_tiles.png 22"
22/texture = ExtResource( 13 )
22/tex_offset = Vector2( 0, 0 )
22/modulate = Color( 1, 1, 1, 1 )
22/region = Rect2( 637, 669, 3, 35 )
22/tile_mode = 2
22/autotile/icon_coordinate = Vector2( 0, 0 )
22/autotile/tile_size = Vector2( 32, 32 )
22/autotile/spacing = 0
22/autotile/occluder_map = [  ]
22/autotile/navpoly_map = [  ]
22/autotile/z_index_map = [  ]
22/occluder_offset = Vector2( 0, 0 )
22/navigation_offset = Vector2( 0, 0 )
22/shapes = [  ]
22/z_index = 0
23/name = "spritesheet_tiles.png 23"
23/texture = ExtResource( 13 )
23/tex_offset = Vector2( 0, 0 )
23/modulate = Color( 1, 1, 1, 1 )
23/region = Rect2( 26, 94, 4, 6 )
23/tile_mode = 2
23/autotile/icon_coordinate = Vector2( 0, 0 )
23/autotile/tile_size = Vector2( 32, 32 )
23/autotile/spacing = 0
23/autotile/occluder_map = [  ]
23/autotile/navpoly_map = [  ]
23/autotile/z_index_map = [  ]
23/occluder_offset = Vector2( 0, 0 )
23/navigation_offset = Vector2( 0, 0 )
23/shapes = [  ]
23/z_index = 0
24/name = "spritesheet_tiles.png 24"
24/texture = ExtResource( 13 )
24/tex_offset = Vector2( 0, 0 )
24/modulate = Color( 1, 1, 1, 1 )
24/region = Rect2( 3, -2, 644, 769 )
24/tile_mode = 2
24/autotile/icon_coordinate = Vector2( 0, 0 )
24/autotile/tile_size = Vector2( 128, 128 )
24/autotile/spacing = 0
24/autotile/occluder_map = [  ]
24/autotile/navpoly_map = [  ]
24/autotile/z_index_map = [  ]
24/occluder_offset = Vector2( 0, 0 )
24/navigation_offset = Vector2( 0, 0 )
24/shapes = [ {
"autotile_coord": Vector2( 0, 0 ),
"one_way": false,
"one_way_margin": 1.0,
"shape": SubResource( 31 ),
"shape_transform": Transform2D( 1, 0, 0, 1, 0, 0 )
}, {
"autotile_coord": Vector2( 1, 0 ),
"one_way": false,
"one_way_margin": 1.0,
"shape": SubResource( 32 ),
"shape_transform": Transform2D( 1, 0, 0, 1, 0, 0 )
}, {
"autotile_coord": Vector2( 0, 1 ),
"one_way": false,
"one_way_margin": 1.0,
"shape": SubResource( 33 ),
"shape_transform": Transform2D( 1, 0, 0, 1, 0, 0 )
}, {
"autotile_coord": Vector2( 1, 1 ),
"one_way": false,
"one_way_margin": 1.0,
"shape": SubResource( 34 ),
"shape_transform": Transform2D( 1, 0, 0, 1, 0, 0 )
}, {
"autotile_coord": Vector2( 0, 2 ),
"one_way": false,
"one_way_margin": 1.0,
"shape": SubResource( 35 ),
"shape_transform": Transform2D( 1, 0, 0, 1, 0, 0 )
}, {
"autotile_coord": Vector2( 0, 3 ),
"one_way": false,
"one_way_margin": 1.0,
"shape": SubResource( 36 ),
"shape_transform": Transform2D( 1, 0, 0, 1, 0, 0 )
}, {
"autotile_coord": Vector2( 0, 4 ),
"one_way": false,
"one_way_margin": 1.0,
"shape": SubResource( 37 ),
"shape_transform": Transform2D( 1, 0, 0, 1, 0, 0 )
}, {
"autotile_coord": Vector2( 0, 5 ),
"one_way": false,
"one_way_margin": 1.0,
"shape": SubResource( 38 ),
"shape_transform": Transform2D( 1, 0, 0, 1, 0, 0 )
}, {
"autotile_coord": Vector2( 0, 5 ),
"one_way": false,
"one_way_margin": 1.0,
"shape": SubResource( 39 ),
"shape_transform": Transform2D( 1, 0, 0, 1, 0, 0 )
}, {
"autotile_coord": Vector2( 4, 1 ),
"one_way": false,
"one_way_margin": 1.0,
"shape": SubResource( 40 ),
"shape_transform": Transform2D( 1, 0, 0, 1, 0, 0 )
}, {
"autotile_coord": Vector2( 4, 2 ),
"one_way": false,
"one_way_margin": 1.0,
"shape": SubResource( 41 ),
"shape_transform": Transform2D( 1, 0, 0, 1, 0, 0 )
}, {
"autotile_coord": Vector2( 4, 3 ),
"one_way": false,
"one_way_margin": 1.0,
"shape": SubResource( 42 ),
"shape_transform": Transform2D( 1, 0, 0, 1, 0, 0 )
}, {
"autotile_coord": Vector2( 4, 4 ),
"one_way": false,
"one_way_margin": 1.0,
"shape": SubResource( 43 ),
"shape_transform": Transform2D( 1, 0, 0, 1, 0, 0 )
} ]
24/z_index = 0
